###  MOJE PUBLIKACJE

@inproceedings{BKP+2009a,
  author = {Bednarczyk, M. A. and Kitowski, Z. and Piotrowski, M. and Przybyszewska, A. and Puźniakowski, T. and Pyrchla, J. and Siekielski, A. and Sławiński, J. and Wierzchoń, S. T.},
  TITLE =        {{GASPS} -- Genetic algorithm search path simulator},
  editor =       {M. A. K{\l}opotek and A. Przepi\'{o}rkowski and S.T. Wierzcho\'{n} and K. Trojanowski},
  booktitle = {Recent Advances in Intelligent Information Systems},
  PUBLISHER =    {Academic Publishing House EXIT},
  address = {Warsaw},
  year = 2009,
  isbn = {978-83-60434-59-8},
  note =         {ISBN  978-83-60434-59-8},
  pages =        {375--388}
}

@inproceedings{Puz2009b,
  author = {Puzniakowski, Tadeusz and Bednarczyk, Marek A. and Przybyszewska, Agnieszka and Sławiński, Jakub and Wierzchoń, Sławomir T.},
  booktitle = {{R}ecent {D}evelopments in {A}rtificial {I}ntelligence {M}ethods},
  editor = {Burczyński, T. and Cholewa, W. and Moczulski, W.},
  isbn = {83-60759-15-4},
  note = {ISBN 83-60759-15-4},
  pages = {17-32},
  publisher = {AI-METH Series},
  title = {Evolutionary search and rescue planning},
  address = {Gliwice},
  year = 2009
}

@inproceedings{Puz2011a,
  author = {Puzniakowski, Tadeusz and Bednarczyk, Marek A.},
  booktitle = {SIIS},
  editor = {Bouvry, Pascal and Klopotek, Mieczyslaw A. and Leprévost, Franck and Marciniak, Malgorzata and Mykowiecka, Agnieszka and Rybinski, Henryk},
  isbn = {978-3-642-25260-0},
  NOTE = {ISBN 978-3-642-25260-0},
  pages = {190-203},
  publisher = {Springer},
  series = {Lecture Notes in Computer Science},
  title = {Towards an OpenCL Implementation of Genetic Algorithms on GPUs.},
  volume = 7053,
  year = 2011
}

@book{Puz2012a,
title = {{U}sing {O}pen{CL}},
subtitle = {Programming Massively Parallel Computers},
Author = {Kowalik, J. and Puźniakowski, T.},
editor = {Joubert, Gerhard R.},
year = 2012,
Volume = 21,
publisher = {IOS Press},
series = {Advances in Parallel Computing},
note = {ISBN 978-1-61499-029-1},
isbn = {978-1-61499-029-1}
}


@incollection{Puz2012b,
  author      = "  Bednarczyk            ,Marek  A.   and  Haas                  ,Eliasz      and   Kluk                  ,Piotr       and   Kitowski              ,Zygmunt     and   Konefał               ,Szymon      and   Neumann               ,Jakub       and   Pawłowski             ,Wiesław     and   Pilecki               ,Jerzy       and   Przybyszewska-Chudzik ,Agnieszka   and   Puźniakowski          ,Tadeusz     and   Wierzchoń             ,Sławomir T.   ",
  title       = "Platforma {A}{S}{V}{C}a{S}{P}",
  editor      = "Piotr Siermontowski",
  booktitle   = "Polish Hyperbaric Research",
  publisher   = "Polskieg Towarzystwo Medycyny i Techniki Hiperbarycznej",
  ISSN        = {1734-7009},
  year        = 2012,
}

############################  KSIAZKI

@article{Fagerlund2010,
  AUTHOR =       "Olav Aanes Fagerlund",
  TITLE =        "{M}ulti-core programming with {O}pen{C}{L}:performance and portability",
  SUBTITLE =     "{O}pen{C}{L} in a memory bound scenario",
  YEAR =         {2010}
}

@article{kgv83,
  AUTHOR =       "S. Kirkpatrick and C. D. Gelatt and M. P. Vecchi",
  TITLE =        "{O}ptimization by {S}imulated {A}nnealing",
  PAGES =         {671-680},
  BOOKTITLE = "Science",
  VOLUME =       "220",
  URL=          "http://www.jstor.org/stable/1690046",
  PUBLISHER = "American Association for the Advancement of Science",
  YEAR =         {1983}
}

@BOOK{Mich1996,
  AUTHOR =       "Zbigniew Michalewicz",
  TITLE =        "Genetic Algorithm + Data Structures = Evolution Programs",
  PUBLISHER =    {Springer},
  YEAR =         {1996}
}
@BOOK{Mich1996pl,
  AUTHOR =       "Zbigniew Michalewicz",
  TITLE =        "Algorytmy genetyczne + struktury danych = programy ewolucyjne",
  PUBLISHER =    {Wydawnictwo Naukowo Techniczne, Warszawa},
  YEAR =         {1996, 1999, 2003}
}

@BOOK{Wie2001,
  AUTHOR =       "Slawomir T. Wierzchoń",
  TITLE =        "Sztuczne systemy immunologiczne",
  PUBLISHER =    "Exit",
  ADDRESS =      "Warszawa",
  YEAR =         "2001"
}

@BOOK{Gol1989,
  AUTHOR =       "David E. Goldberg",
  TITLE =        "Genetic Algorithms in Search, Optimization, and Machine Learning",
  PUBLISHER =    {Addison-Wesley Publishing Company},
  YEAR =         {1989}
}
@BOOK{Gol1995pl,
  AUTHOR =       "David E. Goldberg",
  TITLE =        "Algorytmy genetyczne i ich zastosowania",
  PUBLISHER =    {WNT},
  YEAR =         {1995}
}
@BOOK{Koz1992,
  AUTHOR =       "John R. Koza",
  TITLE =        "Genetic Programming",
  PUBLISHER =    {MIT Press, Cambridge, MA},
  YEAR =         {1992}
}
@BOOK{Sch1981,
  AUTHOR =       "Hans-Paul Schwefel",
  TITLE =        "Numerical Optimization of Computer Models",
  PUBLISHER =    {John Wiley \& Sons, Inc. New York, NY, USA},
  YEAR =         {1981}
}
@BOOK{Hol1975,
  AUTHOR =       "John Henry Holland",
  TITLE =        "Adaptation in Natural and Artificial Systems",
  PUBLISHER =    {University of Michigan Press},
  YEAR =         {1975}
}
@BOOK{Fog1996,
  AUTHOR =       "Lawrence J. Fogel and Alvin J. Owens and Michael J. Walsh",
  TITLE =        "Artificial Intelligence Through Simulated Evolution",
  PUBLISHER =    {John Wiley, Chichester, UK},
  YEAR =         {1966}
}

@BOOK{Junod1999,
title = "Cryptographic Secure Pseudo-Random Bits Generation : The Blum-Blum-Shub Generator",
   author = "Pascal Junod",
    year = 1999
}

############################  PUBLIKACJE OD NAS
@PHDThesis{Pio2009,
   author = "Marek Piotrowski",
   title = "Geocomputational aspects of surface maritime rescue operations (in Polish)",
   school = {Warsaw Univeristy of Technology},
    year = 2009,
   }
@PHDThesis{Pio2009pl,
   author = "Marek Piotrowski",
   title = "Geoinformatyczne aspekty nawodnych poszukiwań morskich",
   school = {Politechnika Warszawska},
    year = 2009,
   }

@BOOK{Pyr2008,
  author =       "Jerzy Pyrchla",
  title =        "Zastosowanie teorii zbiorów rozmytych do reprezentacji inforacji wzrokowych
			wspomagających lokalizację obiektów na powierzchni morza",
  booktitle =    "Rozprawy Monografie",
  volume =	184,
  year =         "2008",
  publisher =    "AGH"
  }
@article{BPP2005,
   author = "M. A. Bednarczyk and M.  Piotrowski and J. Pyrchla",
   title = "Toward the application of AI Methods in Marine SAR Operations",
    journal = "Polish Journal of Environmental Studies",
    year = 2005,
    volume = 14,
    pages = "15--20"
   }
@InProceedings{BP2000,
  author =       "Bednarczyk, Marek A. and Pyrchla, Jerzy",
  title =        "Fuzzy sets to the rescue",
  booktitle =    "Intelligent Information Systems'00",
  year =         "2000",
  publisher =    "IPI PAN"
  }
@PHDThesis{Pyr1999,
   author = "Jerzy Pyrchla",
   title = "A method to determine the area of an accident at sea based on Fuzzy Set Theory (in Polish)",
   school = {Polish Naval Academy},
    year = 1999
   }

@incollection {springerlink:10.1007/978-3-642-29178-4-41,
   author = {Cagnoni, Stefano and Bacchini, Alessandro and Mussi, Luca},
   affiliation = {Dept. of Information Engineering, University of Parma, Italy},
   title = {OpenCL Implementation of Particle Swarm Optimization: A Comparison between Multi-core CPU and GPU Performances},
   booktitle = {Applications of Evolutionary Computation},
   series = {Lecture Notes in Computer Science},
   editor = {Di Chio, Cecilia and Agapitos, Alexandros and Cagnoni, Stefano and Cotta, Carlos and de Vega, Francisco and Di Caro, Gianni and Drechsler, Rolf and Ekárt, Anikó and Esparcia-Alcázar, Anna and Farooq, Muddassar and Langdon, William and Merelo-Guervós, Juan and Preuss, Mike and Richter, Hendrik and Silva, Sara and Simões, Anabela and Squillero, Giovanni and Tarantino, Ernesto and Tettamanzi, Andrea and Togelius, Julian and Urquhart, Neil and Uyar, A. and Yannakakis, Georgios},
   publisher = {Springer Berlin / Heidelberg},
   isbn = {978-3-642-29177-7},
   keyword = {Computer Science},
   pages = {406-415},
   volume = {7248},
   url = {\detokenize{http://dx.doi.org/10.1007/978-3-642-29178-4_41}},
   note = {\detokenize{10.1007/978-3-642-29178-4_41}},
   year = {2012}
}

@article{ali2012opencl,
 title={OpenCL for programming shared memory multicore CPUs},
 author={Ali, A. and Dastgeer, U. and Kessler, C.},
 conference={HiPEAC-2012},
 address={France},
 affiliation={PELAB, Dept. of Computer and Information Science, Linköping University, Sweden},
 year={2012}
}

@ARTICLE{cantu98,
    author = {Erick Cantú-Paz},
    title = {A Survey of Parallel Genetic Algorithms},
    journal = {CALCULATEURS PARALLELES, RESEAUX ET SYSTEMS REPARTIS},
    year = {1998},
    volume = {10}
}
@misc{nvidiaBestPractices2009,
    title         = "{NVIDIA OpenCL Best Practices Guide}",
    howpublished  = "[online/pdf]",
    year          = "2009",
    publisher     = "NVIDIA Corporation"
}


@BOOK{FS2001searchtheory,
  author       = "Frost, J. R. and Stone, L. P.",
  title        = "Review of Search Theory: Advances and Applications
                  to Search and Rescue Decision Support",
  booktitle    = "Review of Search Theory: Advances and Applications
                  to Search and Rescue Decision Support",
  year         = "2001",
  publisher    = "U.S. Department of Transportation"
}


@BOOK{K1946searchandscreening,
  author       = "Koopman, B. O.",
  title        = "Search and Screening",
  booktitle    = "Operations Evaluations Group Report No. 56",
  year         = "1946",
  publisher    = "Center for Naval Analyses"
}


@BOOK{G2007algorytmygenetyczne1,
  author       = "Tomasz Dominik Gwiazda",
  title        = "Algorytmy Genetyczne: Kompendium",
  volume =	1,
  year         = "2007",
  isbn         = {978-83-01-15168-3},  
  publisher    = "Wydawnictwo Naukowe PWN"
}
@BOOK{G2007algorytmygenetyczne2,
  author       = "Tomasz Dominik Gwiazda",
  title        = "Algorytmy Genetyczne: Kompendium",
  volume =	2,
  year         = "2007",
  isbn         = {978-83-01-15381-6},  
  publisher    = "Wydawnictwo Naukowe PWN"
}


##################  Specyfikacje i dokumenty

@article{jsbaa2013,
	author = {Jasdeep Singh Bhalla and Anmol Aggarwal},
	title = {Article: Prediction of Protein Structure using Parallel Genetic Algorithm},
	journal = {International Journal of Computer Applications},
	year = {2013},
	volume = {81},
	number = {11},
	pages = {7-11},
	month = {November},
	note = {Published by Foundation of Computer Science, New York, USA}
}

@BOOK{iamsar1999,
   author = {IAMSAR},
   title = "International aeronautical and maritime search and rescue manual. Volume II. Mission co-ordination",
   publisher = "London/Montreal",
   year = 1999
   }

@BOOK{oclspec11,
  publisher   = "Khronos OpenCL Working Group",
  editor      = "Aaftab Munshi",
  title       = "The OpenCL Specification",
  affiliation = "Khronos Group",
  year        = "2010"
}

@BOOK{oclspec20,
  publisher   = "Khronos OpenCL Working Group",
  editor      = "Aaftab Munshi",
  title       = "The OpenCL Specification Version: 2.0",
  affiliation = "Khronos Group",
  year        = "2013"
}

@misc{intel2011oclsdk,
    key           = "325696-001US",
    note          = "[325696-001US]",
    title         = "{Writing Optimal OpenCL Code with Intel® OpenCL SDK}",
    howpublished  = "[online/pdf]",
    year          = "2011",
    publisher     = "Intel Corporation"
}

@misc{aab14mpi,
author = {ARCO
and ANL
and UC Santa Barbara
and Convex
and GMD
and Syracuse University
and Cray Research
and LANL
and Michigan State University
and IBM
and LLNL
and Oregon Grad Inst
and Intel
and NOAA
and University of New Mexico
and KAI
and NSF
and Mississippi State University
and Meiko
and ORNL
and U of Southampton
and NAG
and PNL
and Univeristy of Colorado
and nCUBE
and Sandia
and Yale U
and ParaSoft
and SDSC
and University of Tennessee
and Shell
and SRC
and University of Maryland
and TMC
and Western Michigan Univeristy
and University of Edinburgh
and Cornell University
and Rice University
and University of San Francisco},
title = {{T}he {M}essage {P}assing {I}nterface ({M}{P}{I}) standard},
year = {2014},
url = {http://www.mcs.anl.gov/research/projects/mpi/index.htm}
}

@book{gropp1999umpi,
 author = {Gropp, William and Lusk, Ewing and Skjellum, Anthony},
 title = {Using MPI (2Nd Ed.): Portable Parallel Programming with the Message-passing Interface},
 year = {1999},
 isbn = {0-262-57132-3},
 publisher = {MIT Press},
 address = {Cambridge, MA, USA},
} 

@misc{nvcuda4-2,
    title         = "{NVIDIA CUDA C Programming Guide}",
    howpublished  = "[online/pdf]",
    year          = "2012",
    publisher     = "NVIDIA Corporation"
}


############# INNE PUBLIKACJE #########################################

@book{Chapman:2007:UOP:1370966,
 author = {Chapman, Barbara and Jost, Gabriele and Pas, Ruud van der},
 title = {Using OpenMP: Portable Shared Memory Parallel Programming (Scientific and Engineering Computation)},
 year = {2007},
 isbn = {0262533022, 9780262533027},
 publisher = {The MIT Press},
}

@article{skinner2004performance,
  title={Performance study of a multi-deme parallel genetic algorithm with adaptive mutation},
  author={Skinner, BT and Nguyen, HT and Liu, DK},
  journal={Proceedings of the 2nd International Conference on Autonomous Robots and Agents},
  year={2004}
}

@techreport{Grefenstette1981,
  author = {Grefenstette, J. J.},
  institution = {Vanderbilt University, Computer Science Department},
  title = {Parallel adaptive algorithms for function optimization},
  type = {Tech. Report No. CS-81-19},
  year = 1981
}

@article{goldbergcantupaz1999,
 author = {Cant\'{u}-Paz, Erick and Goldberg, David E.},
 title = {On the Scalability of Parallel Genetic Algorithms},
 journal = {Evol. Comput.},
 issue_date = {Winter 1999},
 volume = {7},
 number = {4},
 month = dec,
 year = {1999},
 issn = {1063-6560},
 pages = {429--449},
 numpages = {21},
 url = {http://dx.doi.org/10.1162/evco.1999.7.4.429},
 doi = {10.1162/evco.1999.7.4.429},
 publisher = {MIT Press},
 address = {Cambridge, MA, USA},
 keywords = {Master-slave genetic algorithms, bounding cases, deme size, island model, migration rate, multiple demes, topology},
} 

@MISC{pagoldberg99parallelgenetic,
    author = {Erick Cant'u-Paz and David E. Goldberg and David E. Goldberg},
    title = {Parallel Genetic Algorithms with Distributed Panmictic Populations},
    year = {1999}
}

@article{rib2010migrations,
author = {Ruci\'{n}ski, M. and Izzo, D. and Biscani, F.},
 title = {On the Impact of the Migration Topology on the Island Model},
 journal = {Parallel Comput.},
 issue_date = {October, 2010},
 volume = {36},
 number = {10-11},
 month = oct,
 year = {2010},
 issn = {0167-8191},
 pages = {555--571},
 numpages = {17},
 url = {http://dx.doi.org/10.1016/j.parco.2010.04.002},
 doi = {10.1016/j.parco.2010.04.002},
 acmid = {1862631},
 publisher = {Elsevier Science Publishers B. V.},
 address = {Amsterdam, The Netherlands, The Netherlands},
 keywords = {Complex networks, Differential evolution, Island Model, Migration topology, Parallel Global Optimization, Simulated annealing with adaptive neighborhood},
}

@book{CantuPaz2000EAP517269,
 author = {Cantu-Paz, Erick},
 title = {Efficient and Accurate Parallel Genetic Algorithms},
 year = {2000},
 isbn = {0792372212},
 publisher = {Kluwer Academic Publishers},
 address = {Norwell, MA, USA},
} 
@incollection{aicai2009,
year={2009},
isbn={978-3-642-04842-5},
booktitle={Advances in Computation and Intelligence},
volume={5821},
series={Lecture Notes in Computer Science},
editor={Cai, Zhihua and Li, Zhenhua and Kang, Zhuo and Liu, Yong},
doi={10.1007/978-3-642-04843-2_4},
title={Implementation of Parallel Genetic Algorithm Based on CUDA},
url={http://dx.doi.org/10.1007/978-3-642-04843-2_4},
publisher={Springer Berlin Heidelberg},
keywords={Genetic Algorithm; Parallel Genetic Algorithm; CUDA},
author={Zhang, Sifa and He, Zhenming},
pages={24-30}
}

@book{chambers1998,
	author = {Chambers, Lance D.},
	title = {Practical handbook of genetic algorithms: complex coding systems},
	volume={3},
	isbn={978-0849325397},
	address = {London},
	publisher = {CRC Press},
	year = {1998}
}

@incollection{parallelproblemsolving2002,
year={2002},
isbn={978-3-540-44139-7},
booktitle={Parallel Problem Solving from Nature — PPSN VII},
volume={2439},
series={Lecture Notes in Computer Science},
editor={Guervós, Juan Julián Merelo and Adamidis, Panagiotis and Beyer, Hans-Georg and Schwefel, Hans-Paul and Fernández-Villacañas, José-Luis},
doi={10.1007/3-540-45712-7_39},
title={A New Asynchronous Parallel Evolutionary Algorithm for Function Optimization},
url={http://dx.doi.org/10.1007/3-540-45712-7_39},
publisher={Springer Berlin Heidelberg},
author={Liu, Pu and Lau, Francis and Lewis, MichaelJ. and Wang, Cho-li},
pages={401-410},
language={English}
}




##### Marynarskie



@book{Kom:88,
title={Kompendium wiedzy ratowniczej},
publisher={DMW Gdynia},
year=1988
}

@book{Rok:95,
title={Dzienniki pracy Ratowniczego Ośrodka Koordynacyjnego w Gdyni z okresu od
  01.02.1993 r.\ do 29.12.1995 r},
publisher={PRO Gdynia},
year=1995
}

@book{Mer:96,
title={Poradnik Poszukiwania i Ratowania dla Morskich Statków Handlowych (MERSAR)},
publisher={Trademar Gdynia},
year=1996
}

@book{Atp:96,
title={Search and Reascue ATP - 10 (D)},
publisher={MAS NATO},
year=1996
}

@book{Vo2:99,
title={International Aeronautical and Maritime Search and Rescue Manual. IAMSAR Manual.},
subtitle={Mission Co-ordination},
volume={II},
year=1999,
publisher={IMO / ICAO London / Montreal}
}


@book{Iam:00,
title={Changes to the IAMSAR Manual (First Edition) Proposed by the United States. ICAO/IMO JOINT WORKING GROUP ON SAR, Seventh meeting},
publisher={ICAO/IMO Norway},
year=2000
}

@book{Iam:04,
title={Adoption of Amendments to the International Aeronautical and Maritime Search and Rescue (IAMSAR) Manual},
publisher={MSC/Circ.1124},
year=2004
}


@book{UCG:98,
title={Modelling of leeway drift.},
publisher={U. S. Coast Guard},
year=2004
}

@book{UCG:04,
title={U. S. Coast Guard addendum to the United States National Search And Rescue
  Supplement (NSS) to the International Aeronautical and Maritime Search and
  Rescue Manual (IAMSAR). COMDTINST M16130.2D.},
publisher={U. S. Coast Guard},
year=2004
}

@article{Ast:87,
author={Astbury, J},
title={Search area determination and search unit deployment},
journal={Journal of Navigation},
pages={100(1):63--72},
year=1987
}

@article{BPP:05,
author={Bednarczyk, M. A. and Piotrowski, M. and Pyrchla,  J.},
title={Toward Application of AI Methods in Marine SAR Operations},
journal={Polish Journal of Environmental Studies},
address={Olsztyn},
year=2005
}

@article{PBH:01,
author={Bednarczyk, M. A. and Holec, M. and Mielniczuk, J. and Pyrchla, J.},
title={A note on accuracy of navigational observations},
journal={VI Międzynarodowa Konferencja Naukowo-Techniczna. Nawigacja i
bezpieczeństwo transportu morskiego},
publisher={WSM Gdynia},
year=2001
}

@article{PBH:00,
author={Bednarczyk, M. A. and  Holec, M. and Pyrchla, J.},
title={Problem określenia i hierarchizacji czynników wpływających na
  dokładność wizualnych obserwacji nawigacyjnych},
journal={XII Międzynarodowa Konferencja Naukowo-Techniczna ``Rola
  nawigacji w zabezpieczeniu działalności ludzkiej na morzu''},
publisher={AMW Gdynia},
year=2000
}

@article{PB:00,
author={Bednarczyk, M. A. and Pyrchla, J.},
title={Fuzzy sets to the rescue},
journal={IX Workshop on Intelligent Information Systems},
publisher={IPI PAN},
year=2000
}

@article{PB:00a,
author={Bednarczyk, M. A. and Pyrchla, J.},
title={Zbiory rozmyte w planowaniu poszukiwań morskich},
journal={II Sympozjum ``Nawigacja Zintegrowana''},
publisher={WSM Szczecin},
year=2000
}


@article{PBS:00,
author={Bednarczyk, M. A. and Pyrchla, J. and Stateczny, A.},
title={Location of an accident at sea in the sar system - an attempt at
  formalizing the problem}, 
journal={WSM Scientific bullettin},
volume={59},
address={Szczecin},
year=2000
}


@article{BM:87,
author={Blumberg, A. F. and Mellor, G. L.},
title={A description of a three-dimentional coastal ocean circulation model},
editor={Heaps, N.~S.},
subtitle={Three-dimentional coastal ocean model},
pages={1--16},
publisher={American Geophysical Union},
year=1987
}

@PHDThesis{Bur:97,
author={Burciu, Z.},
title={Metoda wyznaczania obszarów poszukiwania w akcji ratowniczej na
  morzu (rozprawa doktorska)},
publisher={AMW Gdynia},
year=1997
}

@book{Dro:87,
author={Drogosiewicz, M.},
title={Vademecum wiedzy ratowniczej dla dowódcy okrętu},
publisher={WSMW Gdynia},
year=1987
}

@PHDThesis{Dro:93,
author={Drogosiewicz, M.},
title={Wpływ wielkości dryfu jednostki pływającej na ustalanie pozycji
  oraz rozmiarów akwenów poszukiwania podczas akcji ratowniczej (rozprawa
  doktorska)},
publisher={AMW Gdynia},
year=1993
}

@book{Dud:90a,
author={Duda, D.},
title={Ratowanie życia ludzkiego na morzu},
publisher={WSM Gdynia},
year=1990
}

@book{Dud:90,
author={Duda, D.},
title={Wybrane zagadnienia z ratownictwa morskiego},
publisher={WSM Gdynia},
year=1990
}

@book{Fun:01,
author={Funkquist, L.},
title={Hiromb, an operational eddy-resolving model for the baltic sea},
journal={Bulletin of Maritime Institute},
pages={28(2):7--16},
year=2001
}

@book{GGS:99,
author={Gajewski, J. and Gajewski, L. and Stachowiak, A.},
title={Verification of drift models of rhodamine spill, life-raft and
  dummy-man during experiment polrodex-97},
publisher={Bull. Mar. Inst.},
pages={26 (1), 87-96.},
year=1999
}


@article{HBW:04,
author={Hackett, B. and Breivik, O. and Wettre, C},
title={Forecasting the drift of things in the ocean}, 
journal={Proceedings of the Second Symposium on the Global Ocean Data
Assimilation Experiment St Petersburg},
address={Florida},
year=2004
}

@book{Kle:71,
author={Klejnow, J.},
title={Wybrane zagadnienia teorii poszukiwań},
publisher={WSMW Gdynia},
year=1971
}


@article{Koo:56a,
author={Koopman, B. O.},
title={The theory of search: II. Target detection},
journal={Journal Operations Research Socociety of America},
pages={4(5):503 -- 531},
year=1956
}

@book{Koo:57a,
author={Koopman, B. O.},
title={Search and information theory. part of final report on stochastic
  processes in certain naval operations},
journal={Chicago Meeting of Operations Research Society of America},
year=1957
}

@book{Koo:79,
author={Koopman, B. O.},
title={Search and its optimization},
journal={Am. Math. Monthly},
pages={86(7):527 -- 540},
year=1979
}

@book{Kow:97,
author={Kowalewski, M.},
title={A three-dimensional, hydrodynamic model of the gulf of Gdańsk},
journal={Oceanological Studies},
pages={26(4):77--98},
year=1997
}

@PHDThesis{Pio:09,
author={Piotrowski, M.},
title={Geoinformatyczne aspekty nawodnych poszukiwań morskich (Rozprawa
doktorska)},
publisher={Politechnika Warszawska},
year=2009
}

@PHDThesis{Pyr:99,
author={Pyrchla, J.},
title={Metoda wyznaczania obszaru zaistnienia wypadku morskiego na
  podstawie teorii zbiorów rozmytych (Rozprawa doktorska)},
publisher={AMW Gdynia},
year=1999
}

@article{Pyr:01a,
author={Pyrchla, J.},
title={The utility of fuzzy set theory for locating sea accidents},
journal={Geodezja i Kartografia nr 4},
address={Warszawa},
year=2001
}

@article{Pyr:05,
author={Pyrchla, J.},
title={Fuzzy function of accuracy of visual navigational observation},
journal={Polish Journal of Environmental Studies},
address={Olsztyn},
year=2005
}

@article{Pyr:05a,
author={Pyrchla, J.},
title={Parameters affecting the accuracy of visual navigational information},
journal={Polish Journal of Environmental Studies},
address={Olsztyn},
year=2005
}

@book{RD:92,
author={Ross, M. and Dawson, R.},
title={Drift Errors in Search and Rescue. The Report on the 1992 Drift
  Experiment off Cape Race Newfoundland},
publisher={Canadian Coast Guard College},
address={Sydney, Nova Scotia}, 
year=1992
}

@book{TKY:99,
author={Taylor, P. K. and Kenth, E. C. and Yelland, M. J. and Moat, B.},
title={The accuracy of marine surface winds from ships and buoys},
publisher={Oceanography Center Southampton},
year=1999
}

@book{Zad:65,
author={Zadeh, L.},
title={Fuzzy sets},
journal={Information \& Control},
pages={8:338--358},
year=1965
}



@book{Bur:03,
author={Burciu Z.},
title={ Modelowanie Obszarów Poszukiwania w Aspekcie Bezpieczeństwa
Transportu Ludzi na Morzu},
journal={Prace Naukowe Transport}, volume={50}, 
publisher={Oficyna Wydawnicza Politechniki Warszawskiej},
address={Warszawa},
year=2003
}

@book{Pyr:09,
author={J. Pyrchla},
title={Zastosowanie teorii zbiorów rozmytych do reprezentacji informacji
wzrokowych wspomagających lokalizację obiektów na powierzchni morza},
publisher={Wydawnictwo AGH}, 
year=2009
}

@book{LMZ:75,
author={Łomniewski, K. and Małkowski, W. and Zaleski, J.},
title={Morze Bałtyckie},
publisher={PWN Warszawa},
year=1975
}


@article{Ovatec:06,
author={Pyrchla, J.},
title={Investigation of leeway and drift for Ovatek life rafts},
subtitle={Project Final Report},
publisher={Oceans Ltd},
year={2006}
}


@article{PK:09,
author={Kowalewski, M. and Pyrchla, J.},
title={Dokładność hydrodynamicznych modeli Bałtyku a bezpieczeństwo w
       polskim rejonie odpowiedzialności {S}{A}{R}},
publisher={Archiwum Fotogrametrii, Kartografii i Teledetekcji},
year={2009}
}

@electronic{msdn:winapi,
    citeulike-article-id = {10228039},
    citeulike-linkout-0 = {http://msdn.microsoft.com/en-us/windows/br229518},
    keywords = {center, dev, igep, igepblog, win8, windows},
    posted-at = {2012-01-16 00:21:12},
    priority = {2},
    title = {{Windows Dev Center}},
    author = {{Microsoft}},
    url = {http://msdn.microsoft.com/en-us/windows/br229518}
}

@book{Butenhof:1997,
 author = {Butenhof, David R.},
 title = {Programming with POSIX Threads},
 year = {1997},
 isbn = {0-201-63392-2},
 publisher = {Addison-Wesley Longman Publishing Co., Inc.},
 address = {Boston, MA, USA},
} 



